@book{strength,
	publisher = {Muchnick, Steven and Jones, Neil},
	year      = {1981},
	month     = {01},
	pages     = {79- 101},
	booktitle = {Program Flow Analysis: Theory and Applications},
	title     = {Reduction of Operator Strength},
	isbn      = {978-0-13-729681-1},
	author    = {F E Allen and John Cocke and Ken Kennedy}
}


@book{coq,
	title     = {Interactive theorem proving and program development: Coqâ€™Art: the calculus of inductive constructions},
	author    = {Bertot, Yves and Cast{\'e}ran, Pierre},
	year      = {2013},
	publisher = {Springer Science \& Business Media}
} 

@misc{whitepaper,
	author       = {Sambanova Systems},
	title        = {Accelerated Computing with a Reconfigurable Dataflow Architecture},
	howpublished = {Whitepaper}
}


@inproceedings{rdu,
	author    = {Prabhakar, Raghu and Jairath, Sumti},
	booktitle = {2021 IEEE Hot Chips 33 Symposium (HCS)},
	title     = {SambaNova SN10 RDU:Accelerating Software 2.0 with Dataflow},
	year      = {2021},
	volume    = {},
	number    = {},
	pages     = {1-37},
	doi       = {10.1109/HCS52781.2021.9567250}
}

  @inproceedings{plasticine,
	author    = {Prabhakar, Raghu and Zhang, Yaqi and Koeplinger, David and Feldman, Matt and Zhao, Tian and Hadjis, Stefan and Pedram, Ardavan and Kozyrakis, Christos and Olukotun, Kunle},
	booktitle = {2017 ACM/IEEE 44th Annual International Symposium on Computer Architecture (ISCA)},
	title     = {Plasticine: A reconfigurable architecture for parallel patterns},
	year      = {2017},
	volume    = {},
	number    = {},
	pages     = {389-402},
	doi       = {10.1145/3079856.3080256}
}


